@inproceedings{leibowitz2003deconstructing,
  title={Deconstructing the kazaa network},
  author={Leibowitz, Nathaniel and Ripeanu, Matei and Wierzbicki, Adam},
  booktitle={Proceedings the Third IEEE Workshop on Internet Applications. WIAPP 2003},
  pages={112--120},
  year={2003},
  organization={IEEE}
}