@article{greenwade93,
    author  = "George D. Greenwade",
    title   = "The {C}omprehensive {T}ex {A}rchive {N}etwork ({CTAN})",
    year    = "1993",
    journal = "TUGBoat",
    volume  = "14",
    number  = "3",
    pages   = "342--351"
}
@article{YANG2011266,
title = {Hybrid CUDA, OpenMP, and MPI parallel programming on multicore GPU clusters},
journal = {Computer Physics Communications},
volume = {182},
number = {1},
pages = {266-269},
year = {2011},
note = {Computer Physics Communications Special Edition for Conference on Computational Physics Kaohsiung, Taiwan, Dec 15-19, 2009},
issn = {0010-4655},
doi = {https://doi.org/10.1016/j.cpc.2010.06.035},
url = {https://www.sciencedirect.com/science/article/pii/S0010465510002262},
author = {Chao-Tung Yang and Chih-Lin Huang and Cheng-Fang Lin},
keywords = {CUDA, GPU, MPI, OpenMP, Hybrid, Parallel programming},
abstract = {Nowadays, NVIDIA's CUDA is a general purpose scalable parallel programming model for writing highly parallel applications. It provides several key abstractions â€“ a hierarchy of thread blocks, shared memory, and barrier synchronization. This model has proven quite successful at programming multithreaded many core GPUs and scales transparently to hundreds of cores: scientists throughout industry and academia are already using CUDA to achieve dramatic speedups on production and research codes. In this paper, we propose a parallel programming approach using hybrid CUDA OpenMP, and MPI programming, which partition loop iterations according to the number of C1060 GPU nodes in a GPU cluster which consists of one C1060 and one S1070. Loop iterations assigned to one MPI process are processed in parallel by CUDA run by the processor cores in the same computational node.}
}
@article{mainframewiki,
title = {https://en.wikipedia.org/wiki/Mainframe\_computer}

}
@article{sagers2013mainframe,
  title={The mainframe is dead. Long live the mainframe!},
  author={Sagers, Glen and Ball, Kathleen and Hosack, Bryan and Twitchell, Doug and Wallace, David},
  journal={AIS Transactions on Enterprise Systems},
  volume={2},
  number={1},
  year={2013}
}
@inproceedings{seay2015using,
  title={Using hadoop on the mainframe: A big solution for the challenges of big data},
  author={Seay, Cameron and Agrawal, Rajeev and Kadadi, Anirudh and Barel, Yannick},
  booktitle={2015 12th International Conference on Information Technology-New Generations},
  pages={765--769},
  year={2015},
  organization={IEEE}
}
@article{zlatanov2016data,
  title={The data center evolution from Mainframe to Cloud},
  author={Zlatanov, Nikola},
  journal={IEEE Computer Society},
  year={2016}
}
@article{smarr1992metacomputing,
  title={Metacomputing},
  author={Smarr, Larry and Catlett, Charles E},
  journal={Communications of the ACM},
  volume={35},
  number={6},
  pages={44--52},
  year={1992},
  publisher={ACM New York, NY, USA}
}
@article{foster2002grid,
  title={The grid: A new infrastructure for 21st century science},
  author={Foster, Ian},
  journal={Physics today},
  volume={55},
  number={2},
  pages={42--47},
  year={2002},
  publisher={AIP Publishing}
}
@inproceedings{czajkowski1998resource,
  title={A resource management architecture for metacomputing systems},
  author={Czajkowski, Karl and Foster, Ian and Karonis, Nick and Kesselman, Carl and Martin, Stuart and Smith, Warren and Tuecke, Steven},
  booktitle={Job Scheduling Strategies for Parallel Processing: IPPS/SPDP'98 Workshop Orlando, Florida, USA, March 30, 1998 Proceedings 4},
  pages={62--82},
  year={1998},
  organization={Springer}
}
@inproceedings{migliardi1999harness,
  title={The Harness Metacomputing Framework.},
  author={Migliardi, Mauro and Sunderam, Vaidy S and others},
  booktitle={PPSC},
  year={1999},
  organization={Citeseer}
}
@article{dean2008mapreduce,
  title={MapReduce: simplified data processing on large clusters},
  author={Dean, Jeffrey and Ghemawat, Sanjay},
  journal={Communications of the ACM},
  volume={51},
  number={1},
  pages={107--113},
  year={2008},
  publisher={ACM New York, NY, USA}
}
@inproceedings{vavilapalli2013apache,
  title={Apache hadoop yarn: Yet another resource negotiator},
  author={Vavilapalli, Vinod Kumar and Murthy, Arun C and Douglas, Chris and Agarwal, Sharad and Konar, Mahadev and Evans, Robert and Graves, Thomas and Lowe, Jason and Shah, Hitesh and Seth, Siddharth and others},
  booktitle={Proceedings of the 4th annual Symposium on Cloud Computing},
  pages={1--16},
  year={2013}
}
@article{probert2013high,
  title={High performance computing-history of the supercomputer},
  author={Probert, Matt},
  journal={Lecture notes on HPC},
  year={2013}
}
@article{russell1978cray,
  title={The CRAY-1 computer system},
  author={Russell, Richard M},
  journal={Communications of the ACM},
  volume={21},
  number={1},
  pages={63--72},
  year={1978},
  publisher={ACM New York, NY, USA}
}
@article{gustafson1988reevaluating,
  title={Reevaluating Amdahl's law},
  author={Gustafson, John L},
  journal={Communications of the ACM},
  volume={31},
  number={5},
  pages={532--533},
  year={1988},
  publisher={ACM New York, NY, USA}
}
@article{bell2002s,
  title={What's next in high-performance computing?},
  author={Bell, Gordon and Gray, Jim},
  journal={Communications of the ACM},
  volume={45},
  number={2},
  pages={91--95},
  year={2002},
  publisher={ACM New York, NY, USA}
}
@article{dongarra2005high,
  title={High-performance computing: clusters, constellations, MPPs, and future directions},
  author={Dongarra, Jack and Sterling, Thomas and Simon, Horst and Strohmaier, Erich},
  journal={Computing in Science \& Engineering},
  volume={7},
  number={2},
  pages={51--59},
  year={2005},
  publisher={IEEE}
}
@article{protic1996distributed,
  title={Distributed shared memory: Concepts and systems},
  author={Protic, Jelica and Tomasevic, Milo and Milutinovic, Veljko},
  journal={IEEE Parallel \& Distributed Technology: Systems \& Applications},
  volume={4},
  number={2},
  pages={63--71},
  year={1996},
  publisher={IEEE}
}
@article{kogge2013exascale,
  title={Exascale computing trends: Adjusting to the" new normal"'for computer architecture},
  author={Kogge, Peter and Shalf, John},
  journal={Computing in Science \& Engineering},
  volume={15},
  number={6},
  pages={16--26},
  year={2013},
  publisher={IEEE}
}
@article{shalf2015computing,
  title={Computing beyond moore's law},
  author={Shalf, John M and Leland, Robert},
  journal={Computer},
  volume={48},
  number={12},
  pages={14--23},
  year={2015},
  publisher={IEEE}
}
@inproceedings{fan2004gpu,
  title={GPU cluster for high performance computing},
  author={Fan, Zhe and Qiu, Feng and Kaufman, Arie and Yoakum-Stover, Suzanne},
  booktitle={SC'04: Proceedings of the 2004 ACM/IEEE conference on Supercomputing},
  pages={47--47},
  year={2004},
  organization={IEEE}
}
@article{yang2011hybrid,
  title={Hybrid CUDA, OpenMP, and MPI parallel programming on multicore GPU clusters},
  author={Yang, Chao-Tung and Huang, Chih-Lin and Lin, Cheng-Fang},
  journal={Computer Physics Communications},
  volume={182},
  number={1},
  pages={266--269},
  year={2011},
  publisher={Elsevier}
}
@inproceedings{sadashiv2011cluster,
  title={Cluster, grid and cloud computing: A detailed comparison},
  author={Sadashiv, Naidila and Kumar, SM Dilip},
  booktitle={2011 6th international conference on computer science \& education (ICCSE)},
  pages={477--482},
  year={2011},
  organization={IEEE}
}
@incollection{lamport2019time,
  title={Time, clocks, and the ordering of events in a distributed system},
  author={Lamport, Leslie},
  booktitle={Concurrency: the Works of Leslie Lamport},
  pages={179--196},
  year={2019}
}
@article{lamport1979make,
  title={How to make a multiprocessor computer that correctly executes multiprocess programs},
  author={Lamport},
  journal={IEEE transactions on computers},
  volume={100},
  number={9},
  pages={690--691},
  year={1979},
  publisher={IEEE}
}
@article{dubois1986memory,
  title={Memory access buffering in multiprocessors},
  author={Dubois, Michel and Scheurich, Christoph and Briggs, Fay{\'e}},
  journal={ACM SIGARCH computer architecture news},
  volume={14},
  number={2},
  pages={434--442},
  year={1986},
  publisher={ACM New York, NY, USA}
}
@article{boehm2008foundations,
  title={Foundations of the C++ concurrency memory model},
  author={Boehm, Hans-J and Adve, Sarita V},
  journal={ACM SIGPLAN Notices},
  volume={43},
  number={6},
  pages={68--78},
  year={2008},
  publisher={ACM New York, NY, USA}
}
@article{mosberger1993memory,
  title={Memory consistency models},
  author={Mosberger, David},
  journal={ACM SIGOPS Operating Systems Review},
  volume={27},
  number={1},
  pages={18--26},
  year={1993},
  publisher={ACM New York, NY, USA}
}
@article{chang2008bigtable,
  title={Bigtable: A distributed storage system for structured data},
  author={Chang, Fay and Dean, Jeffrey and Ghemawat, Sanjay and Hsieh, Wilson C and Wallach, Deborah A and Burrows, Mike and Chandra, Tushar and Fikes, Andrew and Gruber, Robert E},
  journal={ACM Transactions on Computer Systems (TOCS)},
  volume={26},
  number={2},
  pages={1--26},
  year={2008},
  publisher={ACM New York, NY, USA}
}
@inproceedings{maccormick2004boxwood,
  title={Boxwood: Abstractions as the Foundation for Storage Infrastructure.},
  author={MacCormick, John and Murphy, Nick and Najork, Marc and Thekkath, Chandramohan A and Zhou, Lidong},
  booktitle={OSDI},
  volume={4},
  pages={8--8},
  year={2004}
}
@inproceedings{stonebraker1994mariposa,
  title={Mariposa: A new architecture for distributed data},
  author={Stonebraker, Michael and Aoki, Paul M and Devine, Robert and Litwin, Witold and Olson, Michael},
  booktitle={Proceedings of 1994 IEEE 10th International Conference on Data Engineering},
  pages={54--65},
  year={1994},
  organization={IEEE}
}
@article{lamb2012vertica,
  title={The vertica analytic database: C-store 7 years later},
  author={Lamb, Andrew and Fuller, Matt and Varadarajan, Ramakrishna and Tran, Nga and Vandier, Ben and Doshi, Lyric and Bear, Chuck},
  journal={arXiv preprint arXiv:1208.4173},
  year={2012}
}
@article{reed2022reinventing,
  title={Reinventing high performance computing: challenges and opportunities},
  author={Reed, Daniel and Gannon, Dennis and Dongarra, Jack},
  journal={arXiv preprint arXiv:2203.02544},
  year={2022}
}
@article{wei2022status,
  title={Status, challenges and trends of data-intensive supercomputing},
  author={Wei, Jia and Chen, Mo and Wang, Longxiang and Ren, Pei and Lei, Yujia and Qu, Yuqi and Jiang, Qiyu and Dong, Xiaoshe and Wu, Weiguo and Wang, Qiang and others},
  journal={CCF Transactions on High Performance Computing},
  volume={4},
  number={2},
  pages={211--230},
  year={2022},
  publisher={Springer}
}
@article{abramov2023november,
  title={November 2022 Top500 List Overview},
  author={Abramov, Nikolay S and Abramov, Sergei M},
  journal={Supercomputing Frontiers and Innovations},
  volume={10},
  number={2},
  pages={4--17},
  year={2023}
}
@article{heldens2020landscape,
  title={The landscape of exascale research: A data-driven literature analysis},
  author={Heldens, Stijn and Hijma, Pieter and Werkhoven, Ben Van and Maassen, Jason and Belloum, Adam SZ and Van Nieuwpoort, Rob V},
  journal={ACM Computing Surveys (CSUR)},
  volume={53},
  number={2},
  pages={1--43},
  year={2020},
  publisher={ACM New York, NY, USA}
}
