@article{foster2001anatomy,
  title={The anatomy of the grid: Enabling scalable virtual organizations},
  author={Foster, Ian and Kesselman, Carl and Tuecke, Steven},
  journal={The International Journal of High Performance Computing Applications},
  volume={15},
  number={3},
  pages={200--222},
  year={2001},
  publisher={Sage Publications Sage CA: Thousand Oaks, CA}
}
@article{foster2003physiology,
  title={The physiology of the grid},
  author={Foster, Ian and Kesselman, Carl and Nick, Jeffrey M and Tuecke, Steven},
  journal={Grid computing: making the global infrastructure a reality},
  pages={217--249},
  year={2003},
  publisher={Wiley Online Library}
}
@inproceedings{foster2008cloud,
  title={Cloud computing and grid computing 360-degree compared},
  author={Foster, Ian and Zhao, Yong and Raicu, Ioan and Lu, Shiyong},
  booktitle={2008 grid computing environments workshop},
  pages={1--10},
  year={2008},
  organization={Ieee}
}
@article{YJYZ200902020,
author = {高岚岚},
title = {云计算与网格计算的深入比较研究},
journal = {海峡科学},
volume = {},
number = {02},
 pages = {56-57},
year = {2009},
issn = {1673-8683},
}    
@article{armbrust2010view,
  title={A view of cloud computing},
  author={Armbrust, Michael and Fox, Armando and Griffith, Rean and Joseph, Anthony D and Katz, Randy and Konwinski, Andy and Lee, Gunho and Patterson, David and Rabkin, Ariel and Stoica, Ion and others},
  journal={Communications of the ACM},
  volume={53},
  number={4},
  pages={50--58},
  year={2010},
  publisher={ACM New York, NY, USA}
}
@article{zhang2010cloud,
  title={Cloud computing: state-of-the-art and research challenges},
  author={Zhang, Qi and Cheng, Lu and Boutaba, Raouf},
  journal={Journal of internet services and applications},
  volume={1},
  pages={7--18},
  year={2010},
  publisher={Springer}
}
@article{mell2011nist,
  title={The NIST definition of cloud computing},
  author={Mell, Peter and Grance, Tim and others},
  year={2011},
  publisher={Computer Security Division, Information Technology Laboratory, National~…}
}
@inproceedings{sadashiv2011cluster,
  title={Cluster, grid and cloud computing: A detailed comparison},
  author={Sadashiv, Naidila and Kumar, SM Dilip},
  booktitle={2011 6th international conference on computer science \& education (ICCSE)},
  pages={477--482},
  year={2011},
  organization={IEEE}
}
@inproceedings{bonomi2012fog,
  title={Fog computing and its role in the internet of things},
  author={Bonomi, Flavio and Milito, Rodolfo and Zhu, Jiang and Addepalli, Sateesh},
  booktitle={Proceedings of the first edition of the MCC workshop on Mobile cloud computing},
  pages={13--16},
  year={2012}
}
@article{shi2016edge,
  title={Edge computing: Vision and challenges},
  author={Shi, Weisong and Cao, Jie and Zhang, Quan and Li, Youhuizi and Xu, Lanyu},
  journal={IEEE internet of things journal},
  volume={3},
  number={5},
  pages={637--646},
  year={2016},
  publisher={Ieee}
}
@article{JFYZ201901009,
author = {  施巍松 and     张星洲 and     王一帆 and 张庆阳},
title = {边缘计算:现状与展望},
journal = {计算机研究与发展},
volume = {56},
number = {01},
 pages = {69-89},
year = {2019},
issn = {1000-1239},
}    

@article{cao2020overview,
  title={An overview on edge computing research},
  author={Cao, Keyan and Liu, Yefan and Meng, Gongjie and Sun, Qimeng},
  journal={IEEE access},
  volume={8},
  pages={85714--85728},
  year={2020},
  publisher={IEEE}
}
@article{ZXTX202103002,
author = {  雷波 and     赵倩颖 and 赵慧玲},
title = {边缘计算与算力网络综述},
journal = {中兴通讯技术},
volume = {27},
number = {03},
 pages = {3-6},
year = {2021},
issn = {1009-6868},
}    
@article{satyanarayanan2001pervasive,
  title={Pervasive computing: Vision and challenges},
  author={Satyanarayanan, Mahadev},
  journal={IEEE Personal communications},
  volume={8},
  number={4},
  pages={10--17},
  year={2001},
  publisher={IEEE}
}
@article{saha2003pervasive,
  title={Pervasive computing},
  author={Saha, Debashis and Mukherjee, Amitava and Bandyopadhyay, Somprakash and Saha, Debashis and Mukherjee, Amitava and Bandyopadhyay, Somprakash},
  journal={Networking Infrastructure for Pervasive Computing: Enabling Technologies and Systems},
  pages={1--37},
  year={2003},
  publisher={Springer}
}
@article{JSJA200706001,
author = {  郭亚军 and     洪帆 and     沈海波 and     陈利 and     王琴 and 徐芬},
title = {普适计算面临的安全挑战},
journal = {计算机科学},
number = {06},
 pages = {1-3+12},
year = {2007},
issn = {1002-137X},
}    
@article{WXAQ202105001,
author = {  贾庆民 and     丁瑞 and     刘辉 and     张晨 and 谢人超},
title = {算力网络研究进展综述},
journal = {网络与信息安全学报},
volume = {7},
number = {05},
 pages = {1-12},
year = {2021},
issn = {2096-109X},
}    
@article{DXWJ202305004,
author = {  李宁东 and     邢玉萍 and 马新翔},
title = {我国算力网络发展评估体系研究},
journal = {信息通信技术与政策},
volume = {49},
number = {05},
 pages = {15-20},
year = {2023},
issn = {2096-5931},
}    
@article{DXWJ202103002,
author = {  曹畅 and 唐雄燕},
title = {算力网络关键技术及发展挑战分析},
journal = {信息通信技术与政策},
volume = {47},
number = {03},
 pages = {6-11},
year = {2021},
issn = {2096-5931},
}    
